@article{heemskerk2012bulk,
  title={Bulk and transhorizon measurements in AdS/CFT},
  author={Heemskerk, Idse and Marolf, Donald and Polchinski, Joseph and Sully, James},
  journal={Journal of High Energy Physics},
  volume={2012},
  number={10},
  pages={165},
  year={2012},
  publisher={Springer}
}

@article{rozali2019information,
  title={Information radiation in BCFT models of black holes},
  author={Rozali, Moshe and Sully, James and Van Raamsdonk, Mark and Waddell, Christopher and Wakeham, David},
  journal={arXiv preprint arXiv:1910.12836},
  year={2019}
}

@article{gao2017traversable,
  title={Traversable wormholes via a double trace deformation},
  author={Gao, Ping and Jafferis, Daniel Louis and Wall, Aron C},
  journal={Journal of High Energy Physics},
  volume={2017},
  number={12},
  pages={151},
  year={2017},
  publisher={Springer}
}

@book{ammon2015gauge,
  title={Gauge/gravity duality: Foundations and applications},
  author={Ammon, Martin and Erdmenger, Johanna},
  year={2015},
  publisher={Cambridge University Press}
}

@article{almheiri2018escaping,
  title={Escaping the interiors of pure boundary-state black holes},
  author={Almheiri, Ahmed and Mousatov, Alexandros and Shyani, Milind},
  journal={arXiv preprint arXiv:1803.04434},
  year={2018}
}